@article{krawetz,
    author =       "Neal Krawetz",
    title =        "A Picture's Worth....",
    journal =      "Black Hat Briefings DC",
    number =       "2",
    pages =        "16--20",
    year =         "2008"
}
 
@online{berkeleywebsite,
    author    = "Yan Zhao and Anthony Sutardja and Omar Ramadan",
    title     = "Digital Image Manipulation Forensic",
    url       = "http://www.eecs.berkeley.edu/Pubs/TechRpts/2015/EECS-2015-85.html",
    year      = "2015"
}